@internet{IEEE,
  author = {IEEE Spectrum},
  title = {How Many Qubits Are Needed for Quantum Supremacy?},
  year = 2020,
  howpublished = {https://spectrum.ieee.org/qubit-supremacy},
  urldate = {2020-12-12}
}

@internet{AIMultiple,
  author = {AIMultiple},
  title = {Quantum Entanglement: What it is \& Why it is important},
  year = 2021,
  howpublished = {https://research.aimultiple.com/quantum-computing-entanglement/},
  urldate = {2020-12-12}
}

@internet{MIT,
  author = {MIT Technology Review},
  title = {This new startup has built a record-breaking 256-qubit quantum computer},
  year = 2021,
  howpublished = {https://www.technologyreview.com/2021/11/17/1040243/quantum-computer-256-bit-startup/},
  urldate = {2020-12-12}
}

@article{DBLP:journals/corr/abs-1804-00200,
  author    = {Vasileios Mavroeidis and
               Kamer Vishi and
               Mateusz D. Zych and
               Audun J{\o}sang},
  title     = {The Impact of Quantum Computing on Present Cryptography},
  journal   = {CoRR},
  volume    = {abs/1804.00200},
  year      = {2018},
  url       = {http://arxiv.org/abs/1804.00200},
  eprinttype = {arXiv},
  eprint    = {1804.00200},
  timestamp = {Mon, 13 Aug 2018 16:46:41 +0200},
  biburl    = {https://dblp.org/rec/journals/corr/abs-1804-00200.bib},
  bibsource = {dblp computer science bibliography, https://dblp.org}
}

@inproceedings{Kirsch2015QuantumCT,
  title={Quantum Computing: The Risk to Existing Encryption Methods},
  author={Zachary J. Kirsch and Ming Chow},
  year={2015}
}

@article{article,
author = {Martín-López, Enrique and Laing, Anthony and Lawson, Thomas and Alvarez, Roberto and Zhou, Xiaoqi and O'Brien, Jeremy},
year = {2011},
month = {11},
pages = {},
title = {Experimental realisation of Shor's quantum factoring algorithm using
qubit recycling},
volume = {6},
journal = {Nature Photonics},
doi = {10.1038/nphoton.2012.259}
}

@article{1998,
   title={Quantum cryptanalysis of hash and claw-free functions},
   ISSN={1611-3349},
   url={http://dx.doi.org/10.1007/BFb0054319},
   DOI={10.1007/bfb0054319},
   journal={Lecture Notes in Computer Science},
   publisher={Springer Berlin Heidelberg},
   author={Brassard, Gilles and HØyer, Peter and Tapp, Alain},
   year={1998},
   pages={163–169}
}

@article{2008,
   title={Basics of quantum computation},
   volume={22},
   ISSN={0079-6727},
   url={http://dx.doi.org/10.1016/S0079-6727(98)00004-4},
   DOI={10.1016/s0079-6727(98)00004-4},
   number={1},
   journal={Progress in Quantum Electronics},
   publisher={Elsevier BV},
   author={Vedral, Vlatko and Plenio, Martin B.},
   year={2008},
   month={Jan},
   pages={1–39}
}

@article{prashant,
author = {Prashant},
year = {2005},
journal = {},
month = {12},
pages = {},
title = {A Study on the basics of Quantum Computing}
}

@article{Gershenfeld1998QuantumCW,
  title={Quantum Computing with Molecules},
  author={Neil A. Gershenfeld and Isaac L. Chuang},
  journal={Scientific American},
  year={1998},
  volume={278},
  pages={66-71}
}

@article{shumeiko,
author = {Wendin, G. and Shumeiko, Vitaly},
year = {2007},
month = {09},
pages = {957-981},
title = {Quantum bits with Josephson junctions},
volume = {33},
journal = {Fizika Nizkikh Temperatur (Kharkov)}
}

@article{martinis,
author = {Martinis and Osborne},
year = {2004},
month = {02},
title = {Superconducting Qubits and the Physics of Josephson Junctions},
journal = {}
}

@article{Bone,
author = {Bone and Castro},
year = {2017},
month = {07},
title = {A Brief History of Quantum Computing}, 
journal = {}
}
